@book{ripley2009stochastic,
  title={Stochastic simulation},
  author={Ripley, Brian D},
  volume={316},
  year={2009},
  publisher={John Wiley \& Sons}
}

@inproceedings{ranganath2014black,
  title={Black box variational inference},
  author={Ranganath, Rajesh and Gerrish, Sean and Blei, David},
  booktitle={Artificial Intelligence and Statistics},
  pages={814--822},
  year={2014}
}

@inproceedings{paisley2012variational,
  title={Variational Bayesian inference with stochastic search},
  author={Paisley, John and Blei, David M and Jordan, Michael I},
  booktitle={Proceedings of the 29th International Coference on International Conference on Machine Learning},
  pages={1363--1370},
  year={2012},
  organization={Omnipress}
}

@article{greensmith2004variance,
  title={Variance reduction techniques for gradient estimates in reinforcement learning},
  author={Greensmith, Evan and Bartlett, Peter L and Baxter, Jonathan},
  journal={Journal of Machine Learning Research},
  volume={5},
  number={Nov},
  pages={1471--1530},
  year={2004}
}
